
@book{oswald_digitale_2018,
	address = {Wiesbaden},
	edition = {1. Auflage 2018},
	series = {Informationsmanagement und digitale {Transformation}},
	title = {Digitale {Transformation}: {Fallbeispiele} und {Branchenanalysen}},
	isbn = {978-3-658-22623-7 978-3-658-22624-4},
	shorttitle = {Digitale {Transformation}},
	language = {de},
	publisher = {Springer Gabler},
	editor = {Oswald, Gerhard and Krcmar, Helmut},
	year = {2018},
	keywords = {case studies, digital transformation, c31, c43},
	file = {Oswald und Krcmar - 2018 - Digitale Transformation Fallbeispiele und Branche.pdf:/Users/niklas.kiefer/Zotero/storage/3TRA6EYG/Oswald und Krcmar - 2018 - Digitale Transformation Fallbeispiele und Branche.pdf:application/pdf}
}

@book{appelfeller_digitale_2018,
	address = {Berlin, Heidelberg},
	title = {Die digitale {Transformation} des {Unternehmens}},
	isbn = {978-3-662-54060-2 978-3-662-54061-9},
	language = {de},
	publisher = {Springer Berlin Heidelberg},
	author = {Appelfeller, Wieland and Feldmann, Carsten},
	year = {2018},
	keywords = {digital transformation, c31, c43, c2}
}

@book{deeken_agiles_2018,
	address = {Wiesbaden},
	title = {Agiles {Management} als {Antwort} auf die {Herausforderungen} der {Digitalisierung}},
	publisher = {Springer Gabler},
	author = {Deeken, Michael and Fuchs, Tobias},
	year = {2018},
	keywords = {c34, agile organization},
	file = {2018_Book_AgilesManagementAlsAntwortAufD.pdf:/Users/niklas.kiefer/Zotero/storage/TQCRDZMQ/2018_Book_AgilesManagementAlsAntwortAufD.pdf:application/pdf}
}

@book{hofert_agiler_2016,
	address = {Wiesbaden},
	title = {Agiler führen: einfache {Maßnahmen} für bessere {Teamarbeit}, mehr {Leistung} und höhere {Kreativität}},
	isbn = {978-3-658-12756-5 978-3-658-12757-2},
	shorttitle = {Agiler führen},
	language = {de},
	publisher = {Springer Gabler},
	author = {Hofert, Svenja},
	year = {2016},
	keywords = {agile practices, agile culture, c2, c33, agile organization},
	file = {Hofert - 2016 - Agiler führen einfache Maßnahmen für bessere Team.pdf:/Users/niklas.kiefer/Zotero/storage/7SN6ANER/Hofert - 2016 - Agiler führen einfache Maßnahmen für bessere Team.pdf:application/pdf}
}

@techreport{berghaus_2016,
	address = {St. Gallen},
	title = {Wie packen {Unternehmen} die digitale {Transformation} an? {Ratgeber} und {Fallstudien} zur {Strategiearbeit} für das digitale {Zeitalter}},
	url = {https://goo.gl/KzeTHS},
	urldate = {2019-01-20},
	author = {Berghaus, Sabine and Back, Andrea},
	year = {2016},
	keywords = {case studies, digital transformation, c43, c53},
	file = {Studie_Digitale-Transformation_2016.pdf:/Users/niklas.kiefer/Zotero/storage/2XUGCRJP/Studie_Digitale-Transformation_2016.pdf:application/pdf}
}

@book{urbach_digitalization_2018,
	address = {Wiesbaden},
	title = {Digitalization {Cases} {How} {Organizations} {Rethink} {Their} {Business} for the {Digital} {Age}},
	publisher = {Springer},
	author = {Urbach, Nils and Röglinger, Maximilian},
	year = {2018},
	keywords = {case studies, c43, c53}
}

@techreport{buhse_transformationswerk_2016,
	address = {Hamburg},
	title = {Transformationswerk {Report} 2016},
	url = {http://docplayer.org/37404976-Transformationswerk-report-2016.html},
	urldate  = {2019-02-18},
	author = {Buhse, Willms and Stoll, Ingo},
	year = {2016},
	keywords = {case studies, digital transformation, c43},
}

@article{zillmann_status_2017,
	title = {Status quo der digitalen {Transformation} in der {Automobilindustrie}},
	language = {de},
	author = {Zillmann, Mario},
	url = {https://goo.gl/oBENFQ},
	urldate  = {2019-02-18},
	year = {2017},
	keywords = {case studies, digital transformation, c43}
}

@book{hofert_agile_2018,
	address = {Wiesbaden},
	title = {Das agile {Mindset}},
	isbn = {978-3-658-19446-8 978-3-658-19447-5},
	language = {de},
	publisher = {Springer Fachmedien Wiesbaden},
	author = {Hofert, Svenja},
	year = {2018},
	keywords = {case studies, agile practices, c53, c55, agile organization}
}

@article{bloching_digitale_2015,
	title = {Die digitale {Transformation} der {Industrie}},
	address = {München},
	publisher = {Roland Berger Strategy Consultants GmbH},
	language = {de},
	author = {Bloching, Björn and Leutiger, Philipp and Oltmanns, Torsten and Rossbach, Carsten and Schlick, Thomas and Remane, Gerrit and Quick, Paul and Shafranyuk, Oksana},
	year = {2015}
}

@book{schallmo_digitale_2017,
	address = {Wiesbaden},
	series = {Schwerpunkt: {Business} {Model} {Innovation}},
	title = {Digitale {Transformation} von {Geschäftsmodellen}: {Grundlagen}, {Instrumente} und {Best} {Practices}},
	isbn = {978-3-658-12387-1 978-3-658-12388-8},
	shorttitle = {Digitale {Transformation} von {Geschäftsmodellen}},
	language = {de},
	publisher = {Springer Gabler},
	editor = {Schallmo, Daniel and Rusnjak, Andreas},
	year = {2017},
	note = {OCLC: 951120636},
	keywords = {c31, c55, digital transformation},
	file = {Schallmo et al. - 2017 - Digitale Transformation von Geschäftsmodellen Gru.pdf:/Users/niklas.kiefer/Zotero/storage/KBLUU2JT/Schallmo et al. - 2017 - Digitale Transformation von Geschäftsmodellen Gru.pdf:application/pdf}
}

@book{kofler_digitale_2018,
	address = {Berlin, Heidelberg},
	title = {Das digitale {Unternehmen} {Systematische} {Vorgehensweise} zur zielgerichteten {Digitalisierung}},
	isbn = {978-3-662-57616-8 978-3-662-57617-5},
	language = {de},
	publisher = {Springer Berlin Heidelberg},
	author = {Kofler, Thomas},
	year = {2018},
	doi = {10.1007/978-3-662-57617-5},
	keywords = {digital transformation, c31, c43}
}

@book{kaune_change_2016,
	address = {Wiesbaden},
	title = {Change {Communication}: die {Rede} als {Instrument} im {Kontext} von {Theorie}, {Empirie} und {Praxis}},
	isbn = {978-3-658-11610-1 978-3-658-11611-8},
	shorttitle = {Change {Communication}},
	language = {de},
	publisher = {Springer Gabler},
	author = {Kaune, Axel and Wagner, Ariane-Sissy},
	year = {2016},
	keywords = {c32}
}

@book{hess_digitale_2019,
	address = {Wiesbaden},
	title = {Digitale {Transformation} strategisch steuern: {Vom} {Zufallstreffer} zum systematischen {Vorgehen}},
	isbn = {978-3-658-24475-0},
	shorttitle = {Digitale {Transformation} strategisch steuern},
	language = {de},
	publisher = {Springer Fachmedien Wiesbaden GmbH},
	author = {Hess, Thomas},
	year = {2019},
	keywords = {c31, c55, digital transformation}
}

@book{olbert_uberlebenselixier_2019,
	address = {Wiesbaden},
	title = {Überlebenselixier {Agilität}: wie {Agilitäts}-{Management} die {Wettbewerbsfähigkeit} von {Unternehmen} sichert},
	isbn = {978-3-658-18896-2 978-3-658-18897-9},
	shorttitle = {Überlebenselixier {Agilität}},
	language = {ger},
	publisher = {Springer Gabler},
	editor = {Olbert, Sebastian and Prodoehl, Hans Gerd},
	year = {2019},
	keywords = {agile organization, agile practices, c33, c34},
}

@book{bertagnolli_change_2018,
	address = {Wiesbaden},
	series = {Essentials},
	title = {Change {Canvas}: strukturierter visueller {Ansatz} für {Change} {Management} in einem agilen {Umfeld}},
	isbn = {978-3-658-23029-6 978-3-658-23030-2},
	shorttitle = {Change {Canvas}},
	language = {de},
	publisher = {Springer Gabler},
	author = {Bertagnolli, Frank and Bohn, Susanne and Waible, Frank},
	year = {2018},
	keywords = {c55, agile organization, c32}
}

@misc{beck_manifesto,
	title = {Manifesto for {Agile} {Software} {Development}},
	url = {https://agilemanifesto.org/},
	urldate = {2019-03-01},
	author = {Beck, Kent},
	keywords = {agile practices, c33}
}

@book{urbach_digitalization_2018,
	address = {Wiesbaden},
	title = {Digitalization {Cases} {How} {Organizations} {Rethink} {Their} {Business} for the {Digital} {Age}},
	publisher = {Springer},
	author = {Urbach, Nils and Röglinger, Maximilian},
	year = {2018}
}

@book{gartner_fallstudien_2018,
	address = {Wiesbaden, Germany},
	series = {Lehrbuch},
	title = {Fallstudien zur {Digitalen} {Transformation}: {Case} {Studies} für die {Lehre} und praktische {Anwendung}},
	isbn = {978-3-658-18744-6 978-3-658-18745-3},
	shorttitle = {Fallstudien zur {Digitalen} {Transformation}},
	language = {de},
	publisher = {Springer Gabler},
	editor = {Gärtner, Christian and Heinrich, Christian},
	year = {2018},
	keywords = {case studies, c43}
}

@article{wautelet_impact_2017,
	title = {The impact of digitalization on international companies: a case study of {LEGO}},
	shorttitle = {The impact of digitalization on international companies},
	language = {en},
	author = {Wautelet, Thibaut},
	year = {2017},
	keywords = {case studies, c43}
}

@book{heinemann_digitale_2016,
	address = {Wiesbaden},
	title = {Digitale {Transformation} oder digitale {Disruption} im {Handel}},
	language = {en},
	publisher = {Springer Fachmedien Wiesbaden},
	editor = {Heinemann, Gerrit and Gehrckens, H. Mathias and Wolters, Uly J.},
	year = {2016},
	keywords = {case studies, digital transformation, c43, c53}
}

@inproceedings{nowik_promoting_2018,
	address = {Stockholm},
	title = {Promoting {Digital} {Transformation} in {Digitally} {Developing} {Industries} - {A} case study on strategic action points driving digital transformation in the real estate industry},
	author = {Nowik, Martyna},
	year = {2018},
	keywords = {case studies, digital transformation, c43}
}

@article{chanias_digital_2018,
	author = {Chanias, Simon and Myers, Michael D. and Hess, Thomas},
	year = {2018},
	title = {Digital transformation strategy making in pre-digital organizations: {The} case of a financial services provider},
	shorttitle = {Digital transformation strategy making in pre-digital organizations},
	language = {en}
	journal = {The Journal of Strategic Information Systems},
	keywords = {case studies, c43, c53}
}

@book{muchna_aspekte_2018,
	address = {Wiesbaden},
	title = {Aspekte des {Innovations}- und {Changemanagements} {Ein} {Theorie}-{Praxis}-{Transfer}.},
	language = {en},
	publisher = {Springer Fachmedien Wiesbaden GmbH},
	author = {Muchna, Claus},
	year = {2018},
	keywords = {agile organization, c34, c43, case studies}
}

@article{hess_options_2016,
	title = {Options for {Formulating} a {Digital} {Transformation} {Strategy}},
	journal = {Options for Formulating a Digital Transformation Strategy},
	author = {Hess, Thomas and Matt, Christian and Benlian, Alexander and Wiesböck, Florian},
	year = {2016},
	keywords = {case studies, digital transformation, c43}
}

@article{kawohl_digitale_2016,
	title = {Digitale {Transformation}: {Wie} weit sind die {DAX} 30?},
	language = {de},
	author = {Kawohl, Dr Julian M and Hüpel, Patrick},
	year = {2016},
	keywords = {case studies, digital transformation, c43}
}

@techreport{buxmann_digitalisieren_2016,
	address = {Mindelheim},
	title = {Digitalisieren {Sie} schon? {Ein} {Benchmark} für die digitale {Agenda}},
	url = {https://goo.gl/SoSaSb},
	urldate = {2019-01-20},
	author = {Buxmann, Peter and Zillmann, Mario},
	year = {2016},
	keywords = {case studies, digital transformation, c43}
}

@techreport{weber_digital_2015,
	address = {Köln},
	title = {Digital {Navigator}. {Handlungsfelder} der digitalen {Transformation} und {Stand} der {Digitalisierung} im deutschsprachigen {Raum}},
	author = {Weber, Uwe},
	year = {2015},
	keywords = {case studies, digital transformation, c43}
}

@book{gassmann_digitale_2016,
	address = {München},
	title = {Digitale {Transformation} im {Unternehmen} gestalten: {Geschäftsmodelle} {Erfolgsfaktoren} {Fallstudien}},
	shorttitle = {Digitale {Transformation} im {Unternehmen} gestalten},
	language = {de},
	publisher = {Carl Hanser Verlag GmbH  Co KG},
	author = {Gassmann, Oliver and Sutter, Philipp},
	year = {2016},
	keywords = {case studies, digital transformation, c43, c53, c55}
}

@techreport{depiereux_studie_2018,
	address = {Berlin},
	title = {Studie {Digitale} {Transformation} 2018 {Hemmnisse}, {Fortschritte}, {Perspektiven}},
	url = {https://goo.gl/5bYs9i},
	urldate = {2019-01-21},
	author = {Depiereux, Philipp},
	year = {2018},
	keywords = {case studies, digital transformation, c43}
}

@techreport{buhse_transformationswerk_2016,
	address = {Hamburg},
	title = {Transformationswerk {Report} 2016},
	url = {http://docplayer.org/37404976-Transformationswerk-report-2016.html},
	urldate = {2019-01-21},
	author = {Buhse, Willms and Stoll, Ingo},
	year = {2016},
	keywords = {case studies, digital transformation, c43}
}

@article{hoberg_skills_2017,
	title = {Skills for {Digital} {Transformation}},
	url = {https://www.i17.in.tum.de/uploads/media/IDT-Survey_Report_2017_final.pdf},
	urldate = {2019-01-21},
	language = {en},
	author = {Hoberg, Patrick and Krcmar, Helmut and Welz, Bernd},
	year = {2017},
	keywords = {case studies, digital transformation, c43}
}

@techreport{kremins_2018_2018,
	address = {New York},
	title = {The 2018 {Digital} {Transformation} report},
	url = {https://www.adobe.com/content/dam/acom/en/industries/travel-hospitality/pdf/54658.en.report.2018-digital-transformation.pdf},
	urldate = {2019-01-27},
	author = {Kremins, Carolyn},
	year = {2018},
	keywords = {case studies, digital transformation, c43}
}

@article{solis_2017_2017,
	title = {The 2017 {State} of {Digital} {Transformation}},
	url = {https://www.prophet.com/wp-content/uploads/2018/04/Altimeter-_-2017-State-of-DT.pdf},
	urldate = {2019-01-21},
	language = {en},
	author = {Solis, Brian and Littleton, Aubrey},
	year = {2017},
	keywords = {case studies, digital transformation, c43}
}

@techreport{beule_digital_2019,
	address = {Köln},
	title = {Digital {Transformation} of {Radio} {Broadcasting}: {An} {Exploratory} {Analysis} of {Challenges} and {Solutions} for {New} {Digital} {Radio} {Services}},
	url = {https://scholarspace.manoa.hawaii.edu/bitstream/10125/59939/0499.pdf},
	urldate = {2019-01-21},
	language = {en},
	author = {Beule, Vanessa and Hirschmeier, Stefan and Tilly, Roman},
	year = {2019},
	keywords = {case studies, c43}
}

@incollection{oswald_shaping_2017,
	address = {Cham},
	author = {Oswald, Gerhard and Kleinemeier, Michael},
	title = {Shaping the {Digital} {Enterprise} {Trends} and {Use} {Cases} in {Digital} {Innovation} and {Transformation}},
	language = {en},
	booktitle = {Shaping the {Digital} {Enterprise}},
	publisher = {Springer International Publishing},
	year = {2017},
	keywords = {case studies, digital transformation, c43, c53}
}

@incollection{savastano_how_2018,
	address = {Cham},
	title = {How {Digital} {Transformation} is {Reshaping} the {Manufacturing} {Industry} {Value} {Chain}: {The} {New} {Digital} {Manufacturing} {Ecosystem} {Applied} to a {Case} {Study} from the {Food} {Industry}},
	volume = {24},
	isbn = {978-3-319-62635-2 978-3-319-62636-9},
	shorttitle = {How {Digital} {Transformation} is {Reshaping} the {Manufacturing} {Industry} {Value} {Chain}},
	language = {en},
	booktitle = {Network, {Smart} and {Open}},
	publisher = {Springer International Publishing},
	author = {Savastano, Marco and Amendola, Carlo and D’Ascenzo, Fabrizio},
	year = {2018},
	keywords = {case studies, digital transformation, c43}
}

@techreport{macgillavry_digital_2014,
	address = {Basel},
	title = {Digital {Transformation} at {DHL} {Freight}: {The} {Case} of a {Global} {Logistics} {Provider}},
	url = {https://www.researchgate.net/publication/272485034_Digital_Transformation_at_DHL_Freight_The_Case_of_a_Global_Logistics_Provider},
	urldate = {2019-01-22},
	author = {Macgillavry, Kim and Uhl, Axel},
	year = {2014},
	keywords = {case studies, digital transformation, c43}
}